<?xml version="1.0" encoding="UTF-8" standalone="no"?><searchRetrieveResponse xmlns="http://www.loc.gov/zing/srw/">
  <version>1.2</version>
  <numberOfRecords>46</numberOfRecords>
  <records>
    <record>
      <recordSchema>marcxml</recordSchema>
      <recordPacking>xml</recordPacking>
      <recordData>
        <record xmlns="http://www.loc.gov/MARC21/slim">
          <leader>02699nab a2200565 u 4500</leader>
          <controlfield tag="001">9915912272807426</controlfield>
          <controlfield tag="005">20240622024329.0</controlfield>
          <controlfield tag="008">141109e20120320xx |||||o|||||||||||eng||</controlfield>
          <datafield ind1="7" ind2=" " tag="016">
            <subfield code="a">IND601102520</subfield>
            <subfield code="2">DNAL</subfield>
          </datafield>
          <datafield ind1="7" ind2=" " tag="024">
            <subfield code="a">10.1016/j.tca.2011.09.010</subfield>
            <subfield code="2">doi</subfield>
          </datafield>
          <datafield ind1=" " ind2=" " tag="035">
            <subfield code="a">agid:1102520-01nal_inst</subfield>
          </datafield>
          <datafield ind1=" " ind2=" " tag="040">
            <subfield code="a">AGL</subfield>
            <subfield code="b">eng</subfield>
            <subfield code="c">AGL</subfield>
          </datafield>
          <datafield ind1="1" ind2=" " tag="100">
            <subfield code="a">Nakazato, Tadashi</subfield>
            <subfield code="e">author</subfield>
            <subfield code="u">Nakadai Junior High School, 1-56-23 Nakadai Itabashi-ku, Tokyo 174-0064, Japan</subfield>
          </datafield>
          <datafield ind1="1" ind2="0" tag="245">
            <subfield code="a">Analysis of plant function as bio-thermal-conditioner using Pothos (Epipremnum aureum)</subfield>
          </datafield>
          <datafield ind1=" " ind2=" " tag="300">
            <subfield code="a">p. 49-55.</subfield>
          </datafield>
          <datafield ind1=" " ind2=" " tag="520">
            <subfield code="a">Plants absorb carbon dioxide by photosynthesis using solar energy and use thermal energy in the atmosphere by transpiration. Paying attention to the excellent functions that plants perform, we have measured the daily variation of the temperature and humidity on plant circumference of an individual level using Pothos (Epipremnum aureum), and have investigated the thermal conditioning effect of the plant irradiated white LED in a closed space covered with thermal insulation at the incubator adjusted temperature. The air-cooling effect of Pothos in a closed space at the incubator adjusted 23°C was about 1°C. High correlation between air temperature and that of soil was shown in the air-cooling effect, and long-time white light irradiation increased the air-cooling effect.</subfield>
          </datafield>
          <datafield ind1=" " ind2=" " tag="592">
            <subfield code="a">Publisher supplied data</subfield>
          </datafield>
          <datafield ind1=" " ind2=" " tag="593">
            <subfield code="a">PubAg article</subfield>
          </datafield>
          <datafield ind1=" " ind2=" " tag="593">
            <subfield code="f">Agricola IND</subfield>
          </datafield>
          <datafield ind1=" " ind2="3" tag="650">
            <subfield code="a">Epipremnum pinnatum</subfield>
          </datafield>
          <datafield ind1=" " ind2="3" tag="650">
            <subfield code="a">air temperature</subfield>
          </datafield>
          <datafield ind1=" " ind2="3" tag="650">
            <subfield code="a">carbon dioxide</subfield>
          </datafield>
          <datafield ind1=" " ind2="3" tag="650">
            <subfield code="a">energy</subfield>
          </datafield>
          <datafield ind1=" " ind2="3" tag="650">
            <subfield code="a">humidity</subfield>
          </datafield>
          <datafield ind1=" " ind2="3" tag="650">
            <subfield code="a">insulating materials</subfield>
          </datafield>
          <datafield ind1=" " ind2="3" tag="650">
            <subfield code="a">irradiation</subfield>
          </datafield>
          <datafield ind1=" " ind2="3" tag="650">
            <subfield code="a">photosynthesis</subfield>
          </datafield>
          <datafield ind1=" " ind2="3" tag="650">
            <subfield code="a">soil</subfield>
          </datafield>
          <datafield ind1=" " ind2="3" tag="650">
            <subfield code="a">solar energy</subfield>
          </datafield>
          <datafield ind1=" " ind2="3" tag="650">
            <subfield code="a">transpiration</subfield>
          </datafield>
          <datafield ind1=" " ind2="3" tag="650">
            <subfield code="a">white light</subfield>
          </datafield>
          <datafield ind1="1" ind2=" " tag="700">
            <subfield code="a">Inagaki, Terumi</subfield>
            <subfield code="e">author</subfield>
            <subfield code="u">Department of Mechanical Engineering, Ibaraki University, 4 Chome, Nakanarusawa 12-1, Hitachi, Ibaraki 316-8511, Japan</subfield>
          </datafield>
          <datafield ind1="0" ind2=" " tag="773">
            <subfield code="t">Thermochimica acta.</subfield>
            <subfield code="g">2012 Mar. 20, v. 532 p.49-55</subfield>
            <subfield code="d">Elsevier B.V.</subfield>
            <subfield code="x">0040-6031</subfield>
            <subfield code="7">nnas</subfield>
          </datafield>
          <datafield ind1="1" ind2=" " tag="787">
            <subfield code="o">islandora_article_repository</subfield>
          </datafield>
          <datafield ind1="1" ind2=" " tag="787">
            <subfield code="o">product_pubag</subfield>
          </datafield>
          <datafield ind1="1" ind2=" " tag="787">
            <subfield code="o">(Journal)11747</subfield>
          </datafield>
          <datafield ind1="4" ind2="0" tag="856">
            <subfield code="u">http://dx.doi.org/10.1016/j.tca.2011.09.010</subfield>
            <subfield code="3">Available from publisher's site</subfield>
          </datafield>
          <datafield ind1=" " ind2=" " tag="912">
            <subfield code="a">Article</subfield>
          </datafield>
          <datafield ind1=" " ind2=" " tag="914">
            <subfield code="a">Journal:11747</subfield>
            <subfield code="b">0040-6031</subfield>
            <subfield code="c">532</subfield>
            <subfield code="e">49</subfield>
          </datafield>
          <datafield ind1=" " ind2=" " tag="914">
            <subfield code="f">Thermochimica acta</subfield>
          </datafield>
          <datafield ind1=" " ind2=" " tag="916">
            <subfield code="a">Batch:1172</subfield>
          </datafield>
          <datafield ind1=" " ind2=" " tag="917">
            <subfield code="a">issued</subfield>
          </datafield>
          <datafield ind1="2" ind2=" " tag="918">
            <subfield code="a">Elsevier B.V.</subfield>
            <subfield code="e">provider</subfield>
            <subfield code="5">DNAL</subfield>
          </datafield>
          <datafield ind1=" " ind2=" " tag="935">
            <subfield code="a">IND601102520</subfield>
            <subfield code="9">ExL</subfield>
          </datafield>
          <datafield ind1=" " ind2=" " tag="949">
            <subfield code="a">2016-01-22</subfield>
          </datafield>
          <datafield ind1=" " ind2=" " tag="953">
            <subfield code="a">NAL25950004060310532000C.xml</subfield>
          </datafield>
          <datafield ind1=" " ind2=" " tag="962">
            <subfield code="a">Batch:1172 reviewed on 2016-01-22T04:00:02Z</subfield>
          </datafield>
          <datafield ind1=" " ind2=" " tag="974">
            <subfield code="a">agid:1102520</subfield>
          </datafield>
          <datafield ind1=" " ind2=" " tag="983">
            <subfield code="a">2014-11-09</subfield>
          </datafield>
          <datafield ind1=" " ind2=" " tag="984">
            <subfield code="a">2016-01-22</subfield>
          </datafield>
          <datafield ind1=" " ind2=" " tag="AVA">
            <subfield code="0">9915475548407426</subfield>
            <subfield code="8">22166415540007426</subfield>
            <subfield code="a">01NAL_INST</subfield>
            <subfield code="b">NAL</subfield>
            <subfield code="c">Stacks</subfield>
            <subfield code="d">QD511.T5</subfield>
            <subfield code="e">check_holdings</subfield>
            <subfield code="j">stacks</subfield>
            <subfield code="k">0</subfield>
            <subfield code="p">1</subfield>
            <subfield code="q">National Agricultural Library</subfield>
            <subfield code="t">104-105;]</subfield>
          </datafield>
        </record>
      </recordData>
      <recordIdentifier>9915912272807426</recordIdentifier>
      <recordPosition>1</recordPosition>
    </record>