
    <record>
      <recordSchema>marcxml</recordSchema>
      <recordPacking>xml</recordPacking>
      <recordData>
        <record xmlns="http://www.loc.gov/MARC21/slim">
          <leader>02778nab a2200493 u 4500</leader>
          <controlfield tag="001">9916209524207426</controlfield>
          <controlfield tag="005">20240623122921.0</controlfield>
          <controlfield tag="008">930317e199203  xx |||||o|||||||||||eng||</controlfield>
          <datafield ind1="7" ind2=" " tag="016">
            <subfield code="a">IND93016027</subfield>
            <subfield code="2">DNAL</subfield>
          </datafield>
          <datafield ind1=" " ind2=" " tag="035">
            <subfield code="a">agid:1640824-01nal_inst</subfield>
          </datafield>
          <datafield ind1=" " ind2=" " tag="040">
            <subfield code="a">AGL</subfield>
            <subfield code="b">eng</subfield>
            <subfield code="c">AGL</subfield>
          </datafield>
          <datafield ind1="1" ind2=" " tag="100">
            <subfield code="a">Wang, Y.T.</subfield>
          </datafield>
          <datafield ind1="1" ind2="0" tag="245">
            <subfield code="a">Antitranspirant, water stress, and growth retardant influence growth of golden pothos</subfield>
          </datafield>
          <datafield ind1=" " ind2=" " tag="300">
            <subfield code="a">p. 222-225.</subfield>
          </datafield>
          <datafield ind1=" " ind2=" " tag="520">
            <subfield code="a">Cuttings of Epipremnum aureum (Linden &amp; Andre) Bunt. were soaked for 5 seconds in 5% Folicote or Stressguard antitranspirant solution, planted immediately or after 6 hours, and misted or not misted during the daylight hours for 2 weeks. Neither antitranspirant affected the growth of misted cuttings. However, in nonmisted cuttings, Folicote resulted in delayed first leaf unfolding and small plants. Misting improved shoot growth relative to not misting. In a second experiment, Stressguard sprayed on leaves of stock plants resulted in slow growth of cuttings taken from them, while Folicote had no effect. Water stress induced by delayed planting resulted in water loss and slow lateral shoot growth in both experiments. Application of uniconazole at the four-leaf stage at 0.05 to 0.4 mg/0.5-liter pot reduced stem elongation, leaf count, and the length of nodal roots. Uniconazole increased individual leaf size on the main shoot and promoted the growth of basal lateral shoots. While stem and total plant dry weights were reduced, total leaf dry weight was not affected by uniconazole. Uniconazole continued to provide good control on the elongation of newly emerged lateral shoots and promoted the production of more and larger leaves when evaluated 4 weeks after the main shoot was severed above the fourth basal node.</subfield>
          </datafield>
          <datafield ind1=" " ind2=" " tag="593">
            <subfield code="f">Agricola IND</subfield>
          </datafield>
          <datafield ind1=" " ind2="3" tag="650">
            <subfield code="a">potted foliage plants</subfield>
          </datafield>
          <datafield ind1=" " ind2="3" tag="650">
            <subfield code="a">Epipremnum pinnatum</subfield>
          </datafield>
          <datafield ind1=" " ind2="3" tag="650">
            <subfield code="a">growth retardation</subfield>
          </datafield>
          <datafield ind1=" " ind2="3" tag="650">
            <subfield code="a">uniconazole</subfield>
          </datafield>
          <datafield ind1=" " ind2="3" tag="650">
            <subfield code="a">antitranspirants</subfield>
          </datafield>
          <datafield ind1=" " ind2="3" tag="650">
            <subfield code="a">water stress</subfield>
          </datafield>
          <datafield ind1=" " ind2="3" tag="650">
            <subfield code="a">plant morphology</subfield>
          </datafield>
          <datafield ind1=" " ind2="3" tag="650">
            <subfield code="a">vegetative propagation</subfield>
          </datafield>
          <datafield ind1=" " ind2="3" tag="650">
            <subfield code="a">plant cuttings</subfield>
          </datafield>
          <datafield ind1=" " ind2="0" tag="653">
            <subfield code="a">growth rate</subfield>
          </datafield>
          <datafield ind1="1" ind2=" " tag="700">
            <subfield code="a">Hsiao, K.H.</subfield>
          </datafield>
          <datafield ind1="1" ind2=" " tag="700">
            <subfield code="a">Gregg, L.L.</subfield>
          </datafield>
          <datafield ind1="0" ind2=" " tag="773">
            <subfield code="t">HortScience.</subfield>
            <subfield code="g">1992 Mar., v. 27, no. 3 p.222-225</subfield>
            <subfield code="x">0018-5345</subfield>
            <subfield code="7">nnas</subfield>
          </datafield>
          <datafield ind1="1" ind2=" " tag="787">
            <subfield code="o">islandora_article_repository</subfield>
          </datafield>
          <datafield ind1="1" ind2=" " tag="787">
            <subfield code="o">(Journal)1941</subfield>
          </datafield>
          <datafield ind1=" " ind2=" " tag="852">
            <subfield code="a">DNAL</subfield>
          </datafield>
          <datafield ind1=" " ind2=" " tag="912">
            <subfield code="a">Article</subfield>
          </datafield>
          <datafield ind1=" " ind2=" " tag="914">
            <subfield code="a">Journal:1941</subfield>
          </datafield>
          <datafield ind1=" " ind2=" " tag="914">
            <subfield code="f">HortScience</subfield>
          </datafield>
          <datafield ind1=" " ind2=" " tag="917">
            <subfield code="a">issued</subfield>
          </datafield>
          <datafield ind1=" " ind2=" " tag="935">
            <subfield code="a">IND93016027</subfield>
            <subfield code="9">ExL</subfield>
          </datafield>
          <datafield ind1=" " ind2=" " tag="939">
            <subfield code="a">00000000</subfield>
            <subfield code="b">19931102</subfield>
            <subfield code="c">00000000</subfield>
          </datafield>
          <datafield ind1=" " ind2=" " tag="946">
            <subfield code="a">Other US</subfield>
          </datafield>
          <datafield ind1=" " ind2=" " tag="952">
            <subfield code="a">00000000 19931102 00000000</subfield>
          </datafield>
          <datafield ind1=" " ind2=" " tag="974">
            <subfield code="a">agid:1640824</subfield>
          </datafield>
          <datafield ind1=" " ind2=" " tag="984">
            <subfield code="a">2014-12-25</subfield>
          </datafield>
          <datafield ind1=" " ind2=" " tag="985">
            <subfield code="a">Converted from MARCXML to MODS version 3.4 using MARC21slim2MODS3-4.xsl (Revision 1.95 2014/04/23)</subfield>
          </datafield>
          <datafield ind1=" " ind2=" " tag="986">
            <subfield code="a">2952778</subfield>
          </datafield>
          <datafield ind1=" " ind2=" " tag="AVA">
            <subfield code="0">9915504702107426</subfield>
            <subfield code="8">22174203890007426</subfield>
            <subfield code="a">01NAL_INST</subfield>
            <subfield code="b">NAL</subfield>
            <subfield code="c">Stacks</subfield>
            <subfield code="d">SB1.H6</subfield>
            <subfield code="e">available</subfield>
            <subfield code="f">84</subfield>
            <subfield code="g">0</subfield>
            <subfield code="v">from:19 (5) 1976 Apr. | 1976 until:v. 47, no. 2 g</subfield>
            <subfield code="j">stacks</subfield>
            <subfield code="k">0</subfield>
            <subfield code="p">1</subfield>
            <subfield code="q">National Agricultural Library</subfield>
          </datafield>
          <datafield ind1=" " ind2=" " tag="AVA">
            <subfield code="0">9915504702107426</subfield>
            <subfield code="8">22174203040007426</subfield>
            <subfield code="a">01NAL_INST</subfield>
            <subfield code="b">NAL</subfield>
            <subfield code="c">Stacks</subfield>
            <subfield code="d">SB1.H6</subfield>
            <subfield code="e">available</subfield>
            <subfield code="f">27</subfield>
            <subfield code="g">0</subfield>
            <subfield code="j">stacks</subfield>
            <subfield code="k">0</subfield>
            <subfield code="p">2</subfield>
            <subfield code="q">National Agricultural Library</subfield>
            <subfield code="t">Holding: v. 13 no. 6</subfield>
          </datafield>
          <datafield ind1=" " ind2=" " tag="AVA">
            <subfield code="0">9915504702107426</subfield>
            <subfield code="8">22174203900007426</subfield>
            <subfield code="a">01NAL_INST</subfield>
            <subfield code="b">NAL</subfield>
            <subfield code="c">ARS National Arboretum (NON-CIRCULATING)</subfield>
            <subfield code="d">SB1.H6 DNAr</subfield>
            <subfield code="e">check_holdings</subfield>
            <subfield code="j">arboretum</subfield>
            <subfield code="k">0</subfield>
            <subfield code="p">3</subfield>
            <subfield code="q">National Agricultural Library</subfield>
          </datafield>
          <datafield ind1=" " ind2=" " tag="AVA">
            <subfield code="0">9915504702107426</subfield>
            <subfield code="8">22174203910007426</subfield>
            <subfield code="a">01NAL_INST</subfield>
            <subfield code="b">NAL</subfield>
            <subfield code="c">ASERL</subfield>
            <subfield code="d">SB1 .H6</subfield>
            <subfield code="e">check_holdings</subfield>
            <subfield code="j">ASERL</subfield>
            <subfield code="k">0</subfield>
            <subfield code="p">4</subfield>
            <subfield code="q">National Agricultural Library</subfield>
          </datafield>
        </record>
      </recordData>
      <recordIdentifier>9916209524207426</recordIdentifier>
      <recordPosition>2</recordPosition>
    </record>