
    <record>
      <recordSchema>marcxml</recordSchema>
      <recordPacking>xml</recordPacking>
      <recordData>
        <record xmlns="http://www.loc.gov/MARC21/slim">
          <leader>02754nab a2200529 u 4500</leader>
          <controlfield tag="001">9915814791207426</controlfield>
          <controlfield tag="005">20240621123532.0</controlfield>
          <controlfield tag="008">941213e199403  vau|||||o|||||||||||eng||</controlfield>
          <datafield ind1="7" ind2=" " tag="016">
            <subfield code="a">IND20436783</subfield>
            <subfield code="2">DNAL</subfield>
          </datafield>
          <datafield ind1=" " ind2=" " tag="035">
            <subfield code="a">agid:2445326-01nal_inst</subfield>
          </datafield>
          <datafield ind1=" " ind2=" " tag="040">
            <subfield code="a">AGL</subfield>
            <subfield code="b">eng</subfield>
            <subfield code="c">AGL</subfield>
          </datafield>
          <datafield ind1="1" ind2=" " tag="100">
            <subfield code="a">Wang, Y.T.</subfield>
          </datafield>
          <datafield ind1="1" ind2="0" tag="245">
            <subfield code="a">Chemical regulators affect growth, postproduction performance, and propagation of golden pothos</subfield>
          </datafield>
          <datafield ind1=" " ind2=" " tag="300">
            <subfield code="a">p. 183-185.</subfield>
          </datafield>
          <datafield ind1=" " ind2=" " tag="520">
            <subfield code="a">Drench paclobutrazol or uniconazole applications (0.1-1.0 mg/0.5-liter pot or 0.05-0.2 mg/pot, respectively) were effective in suppressing stem elongation of golden pothos [Epipremnum aureum (Linden &amp; Andre) Bunt.]. Although the leaf production rate was reduced by both retardants, treated plants produced larger leaves than the controls, resulting in greater total leaf areas. Response to foliar paclobutrazol or uniconazole applications (0-200 and 0-100 mg.liter-1, respectively) was similar to the soil drench patterns, except that the leaf production rate was unaffected. Following 10 weeks in an interior environment, plants previously treated with either retardant produced shorter stems, fewer but larger leaves, and lower fresh weights than the nontreated plants. Cuttings collected from stock plants previously treated with a paclobutrazol or uniconazole soil drench (0.1 or 0.05 mg/0.5-liter pot, respectively) produced longer stemmed shoots, more and larger leaves, and heavier shoot fresh weights than cuttings from the nontreated plants. Foliar paclobutrazol application (0-200 mg liter-1) to stock plants resulted in cuttings producing larger leaves and heavier shoot fresh weights than controls.</subfield>
          </datafield>
          <datafield ind1=" " ind2=" " tag="593">
            <subfield code="f">Agricola IND</subfield>
          </datafield>
          <datafield ind1=" " ind2="3" tag="650">
            <subfield code="a">Epipremnum pinnatum</subfield>
          </datafield>
          <datafield ind1=" " ind2="3" tag="650">
            <subfield code="a">paclobutrazol</subfield>
          </datafield>
          <datafield ind1=" " ind2="3" tag="650">
            <subfield code="a">uniconazole</subfield>
          </datafield>
          <datafield ind1=" " ind2="3" tag="650">
            <subfield code="a">growth retardation</subfield>
          </datafield>
          <datafield ind1=" " ind2="3" tag="650">
            <subfield code="a">leaves</subfield>
          </datafield>
          <datafield ind1=" " ind2="3" tag="650">
            <subfield code="a">foliar application</subfield>
          </datafield>
          <datafield ind1=" " ind2="3" tag="650">
            <subfield code="a">soil treatment</subfield>
          </datafield>
          <datafield ind1=" " ind2="3" tag="650">
            <subfield code="a">crop quality</subfield>
          </datafield>
          <datafield ind1=" " ind2="3" tag="650">
            <subfield code="a">application rate</subfield>
          </datafield>
          <datafield ind1=" " ind2="3" tag="650">
            <subfield code="a">vegetative propagation</subfield>
          </datafield>
          <datafield ind1=" " ind2="0" tag="653">
            <subfield code="a">shoot cuttings</subfield>
          </datafield>
          <datafield ind1=" " ind2="0" tag="653">
            <subfield code="a">growth rate</subfield>
          </datafield>
          <datafield ind1=" " ind2="0" tag="653">
            <subfield code="a">pot plants</subfield>
          </datafield>
          <datafield ind1="1" ind2=" " tag="700">
            <subfield code="a">Gregg, L.L.</subfield>
          </datafield>
          <datafield ind1="0" ind2=" " tag="773">
            <subfield code="t">HortScience.</subfield>
            <subfield code="g">1994 Mar., v. 29, no. 3 p.183-185</subfield>
            <subfield code="x">0018-5345</subfield>
            <subfield code="7">nnas</subfield>
          </datafield>
          <datafield ind1="1" ind2=" " tag="787">
            <subfield code="o">islandora_article_repository</subfield>
          </datafield>
          <datafield ind1="1" ind2=" " tag="787">
            <subfield code="o">(Journal)1941</subfield>
          </datafield>
          <datafield ind1=" " ind2=" " tag="852">
            <subfield code="a">DNAL</subfield>
          </datafield>
          <datafield ind1=" " ind2=" " tag="912">
            <subfield code="a">Article</subfield>
          </datafield>
          <datafield ind1=" " ind2=" " tag="914">
            <subfield code="a">Journal:1941</subfield>
          </datafield>
          <datafield ind1=" " ind2=" " tag="914">
            <subfield code="f">HortScience</subfield>
          </datafield>
          <datafield ind1=" " ind2=" " tag="917">
            <subfield code="a">issued</subfield>
          </datafield>
          <datafield ind1=" " ind2=" " tag="930">
            <subfield code="a">19950110</subfield>
            <subfield code="b">19950113</subfield>
            <subfield code="c">00000000</subfield>
          </datafield>
          <datafield ind1=" " ind2=" " tag="935">
            <subfield code="a">IND20436783</subfield>
            <subfield code="9">ExL</subfield>
          </datafield>
          <datafield ind1=" " ind2=" " tag="945">
            <subfield code="a">IND</subfield>
            <subfield code="d">LJS</subfield>
          </datafield>
          <datafield ind1=" " ind2=" " tag="946">
            <subfield code="a">Other US</subfield>
          </datafield>
          <datafield ind1=" " ind2=" " tag="952">
            <subfield code="a">19950110 19950113 00000000</subfield>
            <subfield code="b">IND LJS</subfield>
          </datafield>
          <datafield ind1=" " ind2=" " tag="974">
            <subfield code="a">agid:2445326</subfield>
          </datafield>
          <datafield ind1=" " ind2=" " tag="984">
            <subfield code="a">2014-12-25</subfield>
          </datafield>
          <datafield ind1=" " ind2=" " tag="985">
            <subfield code="a">Converted from MARCXML to MODS version 3.4 using MARC21slim2MODS3-4.xsl (Revision 1.95 2014/04/23)</subfield>
          </datafield>
          <datafield ind1=" " ind2=" " tag="986">
            <subfield code="a">3089459</subfield>
          </datafield>
          <datafield ind1=" " ind2=" " tag="AVA">
            <subfield code="0">9915504702107426</subfield>
            <subfield code="8">22174203890007426</subfield>
            <subfield code="a">01NAL_INST</subfield>
            <subfield code="b">NAL</subfield>
            <subfield code="c">Stacks</subfield>
            <subfield code="d">SB1.H6</subfield>
            <subfield code="e">available</subfield>
            <subfield code="f">84</subfield>
            <subfield code="g">0</subfield>
            <subfield code="v">from:19 (5) 1976 Apr. | 1976 until:v. 47, no. 2 g</subfield>
            <subfield code="j">stacks</subfield>
            <subfield code="k">0</subfield>
            <subfield code="p">1</subfield>
            <subfield code="q">National Agricultural Library</subfield>
          </datafield>
          <datafield ind1=" " ind2=" " tag="AVA">
            <subfield code="0">9915504702107426</subfield>
            <subfield code="8">22174203040007426</subfield>
            <subfield code="a">01NAL_INST</subfield>
            <subfield code="b">NAL</subfield>
            <subfield code="c">Stacks</subfield>
            <subfield code="d">SB1.H6</subfield>
            <subfield code="e">available</subfield>
            <subfield code="f">27</subfield>
            <subfield code="g">0</subfield>
            <subfield code="j">stacks</subfield>
            <subfield code="k">0</subfield>
            <subfield code="p">2</subfield>
            <subfield code="q">National Agricultural Library</subfield>
            <subfield code="t">Holding: v. 13 no. 6</subfield>
          </datafield>
          <datafield ind1=" " ind2=" " tag="AVA">
            <subfield code="0">9915504702107426</subfield>
            <subfield code="8">22174203900007426</subfield>
            <subfield code="a">01NAL_INST</subfield>
            <subfield code="b">NAL</subfield>
            <subfield code="c">ARS National Arboretum (NON-CIRCULATING)</subfield>
            <subfield code="d">SB1.H6 DNAr</subfield>
            <subfield code="e">check_holdings</subfield>
            <subfield code="j">arboretum</subfield>
            <subfield code="k">0</subfield>
            <subfield code="p">3</subfield>
            <subfield code="q">National Agricultural Library</subfield>
          </datafield>
          <datafield ind1=" " ind2=" " tag="AVA">
            <subfield code="0">9915504702107426</subfield>
            <subfield code="8">22174203910007426</subfield>
            <subfield code="a">01NAL_INST</subfield>
            <subfield code="b">NAL</subfield>
            <subfield code="c">ASERL</subfield>
            <subfield code="d">SB1 .H6</subfield>
            <subfield code="e">check_holdings</subfield>
            <subfield code="j">ASERL</subfield>
            <subfield code="k">0</subfield>
            <subfield code="p">4</subfield>
            <subfield code="q">National Agricultural Library</subfield>
          </datafield>
        </record>
      </recordData>
      <recordIdentifier>9915814791207426</recordIdentifier>
      <recordPosition>4</recordPosition>
    </record>