
    <record>
      <recordSchema>marcxml</recordSchema>
      <recordPacking>xml</recordPacking>
      <recordData>
        <record xmlns="http://www.loc.gov/MARC21/slim">
          <leader>01284nab a2200373 u 4500</leader>
          <controlfield tag="001">9916270883507426</controlfield>
          <controlfield tag="005">20221118042358.0</controlfield>
          <controlfield tag="008">831202e198309  xx |||||o|||||||||||eng||</controlfield>
          <datafield ind1="7" ind2=" " tag="016">
            <subfield code="a">IND83121934</subfield>
            <subfield code="2">DNAL</subfield>
          </datafield>
          <datafield ind1=" " ind2=" " tag="035">
            <subfield code="a">agid:4314827-01nal_inst</subfield>
          </datafield>
          <datafield ind1=" " ind2=" " tag="040">
            <subfield code="a">AGL</subfield>
            <subfield code="b">eng</subfield>
            <subfield code="c">AGL</subfield>
          </datafield>
          <datafield ind1="1" ind2=" " tag="100">
            <subfield code="a">McConnell, D.B.</subfield>
          </datafield>
          <datafield ind1="1" ind2="0" tag="245">
            <subfield code="a">Comparative production of 'Gold Dust' croton, 'Baby Doll' Cordyline , golden pothos and Cordatum</subfield>
          </datafield>
          <datafield ind1="3" ind2=" " tag="246">
            <subfield code="a">Comparative production of 'Gold Dust' croton, 'Baby Doll' Cordyline , golden pothos and Cordatum [Florida]</subfield>
          </datafield>
          <datafield ind1=" " ind2=" " tag="300">
            <subfield code="a">p. 6-7.</subfield>
          </datafield>
          <datafield ind1=" " ind2=" " tag="300">
            <subfield code="a">p. 6-7. ill.</subfield>
          </datafield>
          <datafield ind1=" " ind2="3" tag="651">
            <subfield code="a">Florida</subfield>
          </datafield>
          <datafield ind1="1" ind2=" " tag="700">
            <subfield code="a">Garvey, E.J.</subfield>
          </datafield>
          <datafield ind1="0" ind2=" " tag="773">
            <subfield code="t">Foliage digest.</subfield>
            <subfield code="g">1983 Sept., v. 6, no. 9 p.6-7</subfield>
            <subfield code="x">0740-2694</subfield>
            <subfield code="7">nnas</subfield>
          </datafield>
          <datafield ind1="1" ind2=" " tag="787">
            <subfield code="o">islandora_article_repository</subfield>
          </datafield>
          <datafield ind1="1" ind2=" " tag="787">
            <subfield code="o">(Journal)21026</subfield>
          </datafield>
          <datafield ind1=" " ind2=" " tag="852">
            <subfield code="a">DNAL</subfield>
          </datafield>
          <datafield ind1=" " ind2=" " tag="912">
            <subfield code="a">Article</subfield>
          </datafield>
          <datafield ind1=" " ind2=" " tag="914">
            <subfield code="a">Journal:21026</subfield>
          </datafield>
          <datafield ind1=" " ind2=" " tag="914">
            <subfield code="f">Foliage Dig</subfield>
          </datafield>
          <datafield ind1=" " ind2=" " tag="917">
            <subfield code="a">title-only</subfield>
          </datafield>
          <datafield ind1=" " ind2=" " tag="935">
            <subfield code="a">IND83121934</subfield>
            <subfield code="9">ExL</subfield>
          </datafield>
          <datafield ind1=" " ind2=" " tag="939">
            <subfield code="a">00000000</subfield>
            <subfield code="b">19831202</subfield>
            <subfield code="c">00000000</subfield>
          </datafield>
          <datafield ind1=" " ind2=" " tag="946">
            <subfield code="a">Other US</subfield>
          </datafield>
          <datafield ind1=" " ind2=" " tag="952">
            <subfield code="a">00000000 19831202 00000000</subfield>
            <subfield code="c">NALT auto-assigned from title enrichment</subfield>
          </datafield>
          <datafield ind1=" " ind2=" " tag="974">
            <subfield code="a">agid:4314827</subfield>
          </datafield>
          <datafield ind1=" " ind2=" " tag="984">
            <subfield code="a">2015-01-01</subfield>
          </datafield>
          <datafield ind1=" " ind2=" " tag="985">
            <subfield code="a">Converted from MARCXML to MODS version 3.4 using MARC21slim2MODS3-4.xsl (Revision 1.95 2014/04/23)</subfield>
          </datafield>
          <datafield ind1=" " ind2=" " tag="986">
            <subfield code="a">2200195</subfield>
          </datafield>
          <datafield ind1=" " ind2=" " tag="AVA">
            <subfield code="0">9915427425907426</subfield>
            <subfield code="8">22153938130007426</subfield>
            <subfield code="a">01NAL_INST</subfield>
            <subfield code="b">NAL</subfield>
            <subfield code="c">Stacks</subfield>
            <subfield code="d">SB431.F6</subfield>
            <subfield code="e">check_holdings</subfield>
            <subfield code="j">stacks</subfield>
            <subfield code="k">0</subfield>
            <subfield code="p">1</subfield>
            <subfield code="q">National Agricultural Library</subfield>
            <subfield code="t">Missing Vol 5 No 8; Vol 6 No 3,8,10-11; Vol 7 No 1-4,6-9,11-12</subfield>
          </datafield>
        </record>
      </recordData>
      <recordIdentifier>9916270883507426</recordIdentifier>
      <recordPosition>5</recordPosition>
    </record>