
    <record>
      <recordSchema>marcxml</recordSchema>
      <recordPacking>xml</recordPacking>
      <recordData>
        <record xmlns="http://www.loc.gov/MARC21/slim">
          <leader>02528nab a2200805 u 4500</leader>
          <controlfield tag="001">9915813966507426</controlfield>
          <controlfield tag="005">20240621152743.0</controlfield>
          <controlfield tag="008">050323e200502  xx |||||o|||||||||||eng||</controlfield>
          <datafield ind1="7" ind2=" " tag="016">
            <subfield code="a">IND43678713</subfield>
            <subfield code="2">DNAL</subfield>
          </datafield>
          <datafield ind1="7" ind2=" " tag="024">
            <subfield code="a">15688236</subfield>
            <subfield code="2">pmid</subfield>
          </datafield>
          <datafield ind1="7" ind2=" " tag="024">
            <subfield code="a">10.1007/s00299-004-0882-z</subfield>
            <subfield code="2">doi</subfield>
          </datafield>
          <datafield ind1=" " ind2=" " tag="035">
            <subfield code="a">agid:1967710-01nal_inst</subfield>
          </datafield>
          <datafield ind1=" " ind2=" " tag="040">
            <subfield code="a">AGL</subfield>
            <subfield code="b">eng</subfield>
            <subfield code="c">AGL</subfield>
          </datafield>
          <datafield ind1=" " ind2="0" tag="072">
            <subfield code="a">F110</subfield>
          </datafield>
          <datafield ind1=" " ind2="0" tag="072">
            <subfield code="a">F600</subfield>
          </datafield>
          <datafield ind1="1" ind2=" " tag="100">
            <subfield code="a">Zhang, Q.</subfield>
          </datafield>
          <datafield ind1="1" ind2="0" tag="245">
            <subfield code="a">Direct somatic embryogenesis and plant regeneration from leaf, petiole, and stem explants of Golden Pothos</subfield>
          </datafield>
          <datafield ind1=" " ind2=" " tag="300">
            <subfield code="a">p. 587-595.</subfield>
          </datafield>
          <datafield ind1=" " ind2=" " tag="500">
            <subfield code="a">2019-12-04</subfield>
          </datafield>
          <datafield ind1=" " ind2=" " tag="593">
            <subfield code="a">PubAg article</subfield>
          </datafield>
          <datafield ind1=" " ind2=" " tag="593">
            <subfield code="f">Agricola IND</subfield>
          </datafield>
          <datafield ind1=" " ind2="3" tag="650">
            <subfield code="a">ornamental plants</subfield>
          </datafield>
          <datafield ind1=" " ind2="3" tag="650">
            <subfield code="a">kinetin</subfield>
          </datafield>
          <datafield ind1=" " ind2="3" tag="650">
            <subfield code="a">petioles</subfield>
          </datafield>
          <datafield ind1=" " ind2="3" tag="650">
            <subfield code="a">stems</subfield>
          </datafield>
          <datafield ind1=" " ind2="3" tag="650">
            <subfield code="a">herbaceous plants</subfield>
          </datafield>
          <datafield ind1=" " ind2="3" tag="650">
            <subfield code="a">explants</subfield>
          </datafield>
          <datafield ind1=" " ind2="3" tag="650">
            <subfield code="a">somatic embryogenesis</subfield>
          </datafield>
          <datafield ind1=" " ind2="3" tag="650">
            <subfield code="a">benzyladenine</subfield>
          </datafield>
          <datafield ind1=" " ind2="3" tag="650">
            <subfield code="a">Epipremnum pinnatum</subfield>
          </datafield>
          <datafield ind1=" " ind2="3" tag="650">
            <subfield code="a">micropropagation</subfield>
          </datafield>
          <datafield ind1=" " ind2="3" tag="650">
            <subfield code="a">naphthaleneacetic acid</subfield>
          </datafield>
          <datafield ind1=" " ind2="3" tag="650">
            <subfield code="a">2,4-D</subfield>
          </datafield>
          <datafield ind1=" " ind2="3" tag="650">
            <subfield code="a">culture media</subfield>
          </datafield>
          <datafield ind1=" " ind2="3" tag="650">
            <subfield code="a">somatic embryos</subfield>
          </datafield>
          <datafield ind1=" " ind2="2" tag="650">
            <subfield code="a">Araceae</subfield>
            <subfield code="x">embryology</subfield>
          </datafield>
          <datafield ind1=" " ind2="2" tag="650">
            <subfield code="a">Culture Media</subfield>
          </datafield>
          <datafield ind1=" " ind2="2" tag="650">
            <subfield code="a">Germination</subfield>
            <subfield code="x">physiology</subfield>
          </datafield>
          <datafield ind1=" " ind2="2" tag="650">
            <subfield code="a">Phenylurea Compounds</subfield>
            <subfield code="x">chemistry</subfield>
          </datafield>
          <datafield ind1=" " ind2="2" tag="650">
            <subfield code="a">Plant Growth Regulators</subfield>
            <subfield code="x">chemistry</subfield>
          </datafield>
          <datafield ind1=" " ind2="2" tag="650">
            <subfield code="a">Plant Leaves</subfield>
            <subfield code="x">embryology</subfield>
          </datafield>
          <datafield ind1=" " ind2="2" tag="650">
            <subfield code="a">Plant Shoots</subfield>
            <subfield code="x">embryology</subfield>
          </datafield>
          <datafield ind1=" " ind2="2" tag="650">
            <subfield code="a">Plant Stems</subfield>
            <subfield code="x">embryology</subfield>
          </datafield>
          <datafield ind1=" " ind2="2" tag="650">
            <subfield code="a">Regeneration</subfield>
            <subfield code="x">physiology</subfield>
          </datafield>
          <datafield ind1=" " ind2="0" tag="653">
            <subfield code="a">plant regeneration</subfield>
          </datafield>
          <datafield ind1=" " ind2="0" tag="653">
            <subfield code="a">N-phenyl-N'-1,2,3-thiadiazol-5-ylurea</subfield>
          </datafield>
          <datafield ind1=" " ind2="0" tag="653">
            <subfield code="a">N-(2-chloro-4-pyridyl)-N'-phenylurea</subfield>
          </datafield>
          <datafield ind1=" " ind2="0" tag="653">
            <subfield code="a">Araceae</subfield>
          </datafield>
          <datafield ind1=" " ind2="0" tag="653">
            <subfield code="a">leaves</subfield>
          </datafield>
          <datafield ind1="1" ind2=" " tag="700">
            <subfield code="a">Chen, J.</subfield>
          </datafield>
          <datafield ind1="1" ind2=" " tag="700">
            <subfield code="a">Henny, R.J.</subfield>
          </datafield>
          <datafield ind1="0" ind2=" " tag="773">
            <subfield code="t">Plant cell reports.</subfield>
            <subfield code="g">2005 Feb., v. 23, no. 9 p.587-595</subfield>
            <subfield code="x">0721-7714</subfield>
            <subfield code="7">nnas</subfield>
          </datafield>
          <datafield ind1="1" ind2=" " tag="787">
            <subfield code="o">islandora_article_repository</subfield>
          </datafield>
          <datafield ind1="1" ind2=" " tag="787">
            <subfield code="o">product_pubag</subfield>
          </datafield>
          <datafield ind1="1" ind2=" " tag="787">
            <subfield code="o">(Journal)jnl33565</subfield>
          </datafield>
          <datafield ind1=" " ind2=" " tag="852">
            <subfield code="a">DNAL</subfield>
          </datafield>
          <datafield ind1="4" ind2="0" tag="856">
            <subfield code="u">http://dx.doi.org/10.1007/s00299-004-0882-z</subfield>
            <subfield code="3">Available from publisher's Web site</subfield>
          </datafield>
          <datafield ind1=" " ind2=" " tag="912">
            <subfield code="a">Article</subfield>
          </datafield>
          <datafield ind1=" " ind2=" " tag="914">
            <subfield code="a">Journal:jnl33565</subfield>
          </datafield>
          <datafield ind1=" " ind2=" " tag="914">
            <subfield code="f">Plant cell reports</subfield>
          </datafield>
          <datafield ind1=" " ind2=" " tag="917">
            <subfield code="a">issued</subfield>
          </datafield>
          <datafield ind1=" " ind2=" " tag="930">
            <subfield code="a">20050430</subfield>
            <subfield code="b">20050501</subfield>
            <subfield code="c">00000000</subfield>
          </datafield>
          <datafield ind1=" " ind2=" " tag="935">
            <subfield code="a">IND43678713</subfield>
            <subfield code="9">ExL</subfield>
          </datafield>
          <datafield ind1=" " ind2=" " tag="945">
            <subfield code="a">IND</subfield>
            <subfield code="d">RSC</subfield>
            <subfield code="e">2005/04/30</subfield>
          </datafield>
          <datafield ind1=" " ind2=" " tag="946">
            <subfield code="a">Non-US</subfield>
          </datafield>
          <datafield ind1=" " ind2=" " tag="952">
            <subfield code="a">20050430 20050501 00000000</subfield>
            <subfield code="b">IND RSC 2005/04/30</subfield>
          </datafield>
          <datafield ind1=" " ind2=" " tag="974">
            <subfield code="a">agid:1967710</subfield>
          </datafield>
          <datafield ind1=" " ind2=" " tag="984">
            <subfield code="a">2014-12-22</subfield>
          </datafield>
          <datafield ind1=" " ind2=" " tag="985">
            <subfield code="a">Converted from MARCXML to MODS version 3.4 using MARC21slim2MODS3-4.xsl (Revision 1.95 2014/04/23)</subfield>
          </datafield>
          <datafield ind1=" " ind2=" " tag="986">
            <subfield code="a">3678713</subfield>
          </datafield>
          <datafield ind1=" " ind2=" " tag="AVA">
            <subfield code="0">9915534375707426</subfield>
            <subfield code="8">22182624720007426</subfield>
            <subfield code="a">01NAL_INST</subfield>
            <subfield code="b">NAL</subfield>
            <subfield code="c">Stacks</subfield>
            <subfield code="d">QK725.P54</subfield>
            <subfield code="e">available</subfield>
            <subfield code="f">36</subfield>
            <subfield code="g">0</subfield>
            <subfield code="j">stacks</subfield>
            <subfield code="k">0</subfield>
            <subfield code="p">1</subfield>
            <subfield code="q">National Agricultural Library</subfield>
            <subfield code="t">Missing: v. 7 #8-12 1988/89; v. 1 # 2 1981; v. 24 #11 2005</subfield>
          </datafield>
        </record>
      </recordData>
      <recordIdentifier>9915813966507426</recordIdentifier>
      <recordPosition>6</recordPosition>
    </record>