
    <record>
      <recordSchema>marcxml</recordSchema>
      <recordPacking>xml</recordPacking>
      <recordData>
        <record xmlns="http://www.loc.gov/MARC21/slim">
          <leader>03440nab a2200685 u 4500</leader>
          <controlfield tag="001">9915899036507426</controlfield>
          <controlfield tag="005">20240621201312.0</controlfield>
          <controlfield tag="008">990415e199806  onc|||||o|||||||||||eng||</controlfield>
          <datafield ind1="7" ind2=" " tag="016">
            <subfield code="a">IND21981651</subfield>
            <subfield code="2">DNAL</subfield>
          </datafield>
          <datafield ind1="7" ind2=" " tag="024">
            <subfield code="a">10.1080/07060669809500423</subfield>
            <subfield code="2">doi</subfield>
          </datafield>
          <datafield ind1=" " ind2=" " tag="035">
            <subfield code="a">agid:1427690-01nal_inst</subfield>
          </datafield>
          <datafield ind1=" " ind2=" " tag="040">
            <subfield code="a">AGL</subfield>
            <subfield code="b">eng</subfield>
            <subfield code="c">AGL</subfield>
          </datafield>
          <datafield ind1="1" ind2=" " tag="100">
            <subfield code="a">Norman, D.J.</subfield>
          </datafield>
          <datafield ind1="1" ind2="2" tag="245">
            <subfield code="a">A distinct pathotype of Ralstonia (Pseudomonas) solanacearum race 1, biovar 1 entering Florida in pothos (Epipremnum aureum) cuttings</subfield>
          </datafield>
          <datafield ind1=" " ind2=" " tag="300">
            <subfield code="a">p. 171-175.</subfield>
          </datafield>
          <datafield ind1=" " ind2=" " tag="500">
            <subfield code="a">Summary in French.</subfield>
          </datafield>
          <datafield ind1=" " ind2=" " tag="500">
            <subfield code="a">2019-12-04</subfield>
          </datafield>
          <datafield ind1=" " ind2=" " tag="520">
            <subfield code="a">Ralstonia solanacearum was isolated from diseased pothos (Epipremnum aureum) cuttings imported to Florida from Costa Rica. Epipremnum aureum has not previously been described as a host of R. solanacearum. Bacterial isolates were identified by standard bacteriological tests, FAME analysis (MIDI), metabolic profile (Biolog), and by PCR using species-specific primers. All isolates were biovar 1, Gram-negative, oxidase negative, catalase positive, motile, strictly aerobic, and accumulated poly-beta-hydroxybutyrate. Similarity indices using MIDI matched in most cases to R. solanacearum; however, low similarity indices were obtained with the Biolog data base. PCR amplification and electrophoretic analysis revealed a 148 bp product for all pothos isolates, identical to that in R. solanacearum control strains. Pathogenicity of isolates from pothos were compared with tomato and potato isolates from Florida on tomato, potato, pothos, tobacco, and triploid banana. Isolates from pothos caused wilt of tomato and potato, variable symptoms on tobacco, and mild symptoms on banana; they were identified as race 1. Ralstonia solanacearum isolates from pothos represent a distinct pathotype of race 1, biovar 1 and differ from other race 1, biovar 1 strains by being pathogenic on pothos.</subfield>
          </datafield>
          <datafield ind1=" " ind2=" " tag="593">
            <subfield code="a">PubAg article</subfield>
          </datafield>
          <datafield ind1=" " ind2=" " tag="593">
            <subfield code="f">Agricola IND</subfield>
          </datafield>
          <datafield ind1=" " ind2="3" tag="650">
            <subfield code="a">plant pathogenic bacteria</subfield>
          </datafield>
          <datafield ind1=" " ind2="3" tag="650">
            <subfield code="a">chemical composition</subfield>
          </datafield>
          <datafield ind1=" " ind2="3" tag="650">
            <subfield code="a">host range</subfield>
          </datafield>
          <datafield ind1=" " ind2="3" tag="650">
            <subfield code="a">introduced species</subfield>
          </datafield>
          <datafield ind1=" " ind2="3" tag="650">
            <subfield code="a">strain differences</subfield>
          </datafield>
          <datafield ind1=" " ind2="3" tag="650">
            <subfield code="a">polymerase chain reaction</subfield>
          </datafield>
          <datafield ind1=" " ind2="3" tag="650">
            <subfield code="a">new host records</subfield>
          </datafield>
          <datafield ind1=" " ind2="3" tag="650">
            <subfield code="a">Solanum tuberosum</subfield>
          </datafield>
          <datafield ind1=" " ind2="3" tag="650">
            <subfield code="a">Musa acuminata</subfield>
          </datafield>
          <datafield ind1=" " ind2="3" tag="650">
            <subfield code="a">Epipremnum pinnatum</subfield>
          </datafield>
          <datafield ind1=" " ind2="3" tag="650">
            <subfield code="a">Ralstonia solanacearum</subfield>
          </datafield>
          <datafield ind1=" " ind2="3" tag="650">
            <subfield code="a">pathotypes</subfield>
          </datafield>
          <datafield ind1=" " ind2="3" tag="650">
            <subfield code="a">molecular weight</subfield>
          </datafield>
          <datafield ind1=" " ind2="3" tag="650">
            <subfield code="a">virulence</subfield>
          </datafield>
          <datafield ind1=" " ind2="3" tag="650">
            <subfield code="a">Solanum lycopersicum var. lycopersicum</subfield>
          </datafield>
          <datafield ind1=" " ind2="3" tag="651">
            <subfield code="a">Costa Rica</subfield>
          </datafield>
          <datafield ind1=" " ind2="3" tag="651">
            <subfield code="a">Florida</subfield>
          </datafield>
          <datafield ind1=" " ind2="0" tag="653">
            <subfield code="a">identification</subfield>
          </datafield>
          <datafield ind1=" " ind2="0" tag="653">
            <subfield code="a">symptoms</subfield>
          </datafield>
          <datafield ind1=" " ind2="0" tag="653">
            <subfield code="a">pathogenicity</subfield>
          </datafield>
          <datafield ind1="1" ind2=" " tag="700">
            <subfield code="a">Yuen, J.M.F.</subfield>
          </datafield>
          <datafield ind1="0" ind2=" " tag="773">
            <subfield code="t">Canadian journal of plant pathology.</subfield>
            <subfield code="g">1998 June, v. 20, no. 2 p.171-175</subfield>
            <subfield code="x">0706-0661</subfield>
            <subfield code="7">nnas</subfield>
          </datafield>
          <datafield ind1="1" ind2=" " tag="787">
            <subfield code="o">islandora_article_repository</subfield>
          </datafield>
          <datafield ind1="1" ind2=" " tag="787">
            <subfield code="o">product_pubag</subfield>
          </datafield>
          <datafield ind1="1" ind2=" " tag="787">
            <subfield code="o">(Journal)jnl43214</subfield>
          </datafield>
          <datafield ind1=" " ind2=" " tag="852">
            <subfield code="a">DNAL</subfield>
          </datafield>
          <datafield ind1="4" ind2="0" tag="856">
            <subfield code="u">http://dx.doi.org/10.1080/07060669809500423</subfield>
            <subfield code="3">Available from publisher's Web site</subfield>
          </datafield>
          <datafield ind1=" " ind2=" " tag="912">
            <subfield code="a">Article</subfield>
          </datafield>
          <datafield ind1=" " ind2=" " tag="914">
            <subfield code="a">Journal:jnl43214</subfield>
          </datafield>
          <datafield ind1=" " ind2=" " tag="914">
            <subfield code="f">Can. J. plant pathol</subfield>
          </datafield>
          <datafield ind1=" " ind2=" " tag="917">
            <subfield code="a">issued</subfield>
          </datafield>
          <datafield ind1=" " ind2=" " tag="930">
            <subfield code="a">19990503</subfield>
            <subfield code="b">19990512</subfield>
            <subfield code="c">00000000</subfield>
          </datafield>
          <datafield ind1=" " ind2=" " tag="935">
            <subfield code="a">IND21981651</subfield>
            <subfield code="9">ExL</subfield>
          </datafield>
          <datafield ind1=" " ind2=" " tag="945">
            <subfield code="a">IND</subfield>
            <subfield code="d">CTR</subfield>
          </datafield>
          <datafield ind1=" " ind2=" " tag="946">
            <subfield code="a">Non-US</subfield>
          </datafield>
          <datafield ind1=" " ind2=" " tag="952">
            <subfield code="a">19990503 19990512 00000000</subfield>
            <subfield code="b">IND CTR</subfield>
          </datafield>
          <datafield ind1=" " ind2=" " tag="974">
            <subfield code="a">agid:1427690</subfield>
          </datafield>
          <datafield ind1=" " ind2=" " tag="984">
            <subfield code="a">2014-12-25</subfield>
          </datafield>
          <datafield ind1=" " ind2=" " tag="985">
            <subfield code="a">Converted from MARCXML to MODS version 3.4 using MARC21slim2MODS3-4.xsl (Revision 1.95 2014/04/23)</subfield>
          </datafield>
          <datafield ind1=" " ind2=" " tag="986">
            <subfield code="a">3021157</subfield>
          </datafield>
          <datafield ind1=" " ind2=" " tag="AVA">
            <subfield code="0">9915515204707426</subfield>
            <subfield code="8">22177103370007426</subfield>
            <subfield code="a">01NAL_INST</subfield>
            <subfield code="b">NAL</subfield>
            <subfield code="c">Stacks</subfield>
            <subfield code="d">SB599.C35</subfield>
            <subfield code="e">available</subfield>
            <subfield code="f">36</subfield>
            <subfield code="g">0</subfield>
            <subfield code="j">stacks</subfield>
            <subfield code="k">0</subfield>
            <subfield code="p">1</subfield>
            <subfield code="q">National Agricultural Library</subfield>
            <subfield code="t">Missing: v. 7 no. 5-12</subfield>
          </datafield>
          <datafield ind1=" " ind2=" " tag="AVA">
            <subfield code="0">9915515204707426</subfield>
            <subfield code="8">22177103380007426</subfield>
            <subfield code="a">01NAL_INST</subfield>
            <subfield code="b">NAL</subfield>
            <subfield code="c">ASERL</subfield>
            <subfield code="d">SB599 .C35</subfield>
            <subfield code="e">check_holdings</subfield>
            <subfield code="j">ASERL</subfield>
            <subfield code="k">0</subfield>
            <subfield code="p">2</subfield>
            <subfield code="q">National Agricultural Library</subfield>
          </datafield>
        </record>
      </recordData>
      <recordIdentifier>9915899036507426</recordIdentifier>
      <recordPosition>7</recordPosition>
    </record>