
    <record>
      <recordSchema>marcxml</recordSchema>
      <recordPacking>xml</recordPacking>
      <recordData>
        <record xmlns="http://www.loc.gov/MARC21/slim">
          <leader>01432nab a2200409 u 4500</leader>
          <controlfield tag="001">9916196227907426</controlfield>
          <controlfield tag="005">20240703172720.0</controlfield>
          <controlfield tag="008">800714e19800601xx |||||o|||||||||||eng||</controlfield>
          <datafield ind1="7" ind2=" " tag="016">
            <subfield code="a">IND80086506</subfield>
            <subfield code="2">DNAL</subfield>
          </datafield>
          <datafield ind1=" " ind2=" " tag="035">
            <subfield code="a">agid:3696689-01nal_inst</subfield>
          </datafield>
          <datafield ind1=" " ind2=" " tag="040">
            <subfield code="a">AGL</subfield>
            <subfield code="b">eng</subfield>
            <subfield code="c">AGL</subfield>
          </datafield>
          <datafield ind1="1" ind2=" " tag="100">
            <subfield code="a">Lehman, P.S.</subfield>
          </datafield>
          <datafield ind1="1" ind2="0" tag="245">
            <subfield code="a">Effect of the root-knot nematode, Meloidogyne incognita, on pothos</subfield>
          </datafield>
          <datafield ind1="3" ind2=" " tag="246">
            <subfield code="a">Effect of the root-knot nematode, Meloidogyne incognita, on pothos [Epipremnum aureum]</subfield>
          </datafield>
          <datafield ind1=" " ind2=" " tag="300">
            <subfield code="a">p. 343-345.</subfield>
          </datafield>
          <datafield ind1=" " ind2=" " tag="300">
            <subfield code="a">p. 343-345. ill.</subfield>
          </datafield>
          <datafield ind1=" " ind2=" " tag="593">
            <subfield code="f">Agricola IND</subfield>
          </datafield>
          <datafield ind1=" " ind2="3" tag="650">
            <subfield code="a">Epipremnum pinnatum</subfield>
          </datafield>
          <datafield ind1=" " ind2="7" tag="655">
            <subfield code="a">conference publication</subfield>
          </datafield>
          <datafield ind1="1" ind2=" " tag="700">
            <subfield code="a">Stokes, D.E.</subfield>
          </datafield>
          <datafield ind1="0" ind2=" " tag="773">
            <subfield code="t">Proceedings of the ... annual meeting of the Florida State Horticultural Society.</subfield>
            <subfield code="g">1980 June 1, v. 92 p.343-345</subfield>
            <subfield code="x">0097-1219</subfield>
            <subfield code="7">nnas</subfield>
          </datafield>
          <datafield ind1="1" ind2=" " tag="787">
            <subfield code="o">islandora_article_repository</subfield>
          </datafield>
          <datafield ind1="1" ind2=" " tag="787">
            <subfield code="o">(Journal)20054</subfield>
          </datafield>
          <datafield ind1=" " ind2=" " tag="852">
            <subfield code="a">DNAL</subfield>
          </datafield>
          <datafield ind1=" " ind2=" " tag="912">
            <subfield code="a">Article</subfield>
          </datafield>
          <datafield ind1=" " ind2=" " tag="914">
            <subfield code="a">Journal:20054</subfield>
          </datafield>
          <datafield ind1=" " ind2=" " tag="914">
            <subfield code="f">Proc Annu Meet Fla State Hortic Soc</subfield>
          </datafield>
          <datafield ind1=" " ind2=" " tag="917">
            <subfield code="a">reindex</subfield>
          </datafield>
          <datafield ind1=" " ind2=" " tag="935">
            <subfield code="a">IND80086506</subfield>
            <subfield code="9">ExL</subfield>
          </datafield>
          <datafield ind1=" " ind2=" " tag="939">
            <subfield code="a">00000000</subfield>
            <subfield code="b">19800714</subfield>
            <subfield code="c">00000000</subfield>
          </datafield>
          <datafield ind1=" " ind2=" " tag="945">
            <subfield code="a">IND</subfield>
          </datafield>
          <datafield ind1=" " ind2=" " tag="946">
            <subfield code="a">Other US</subfield>
          </datafield>
          <datafield ind1=" " ind2=" " tag="952">
            <subfield code="a">00000000 19800714 00000000</subfield>
            <subfield code="b">IND</subfield>
            <subfield code="c">NALT auto-assigned from title enrichment</subfield>
          </datafield>
          <datafield ind1=" " ind2=" " tag="974">
            <subfield code="a">agid:3696689</subfield>
          </datafield>
          <datafield ind1=" " ind2=" " tag="984">
            <subfield code="a">2014-12-29</subfield>
          </datafield>
          <datafield ind1=" " ind2=" " tag="985">
            <subfield code="a">Converted from MARCXML to MODS version 3.4 using MARC21slim2MODS3-4.xsl (Revision 1.95 2014/04/23)</subfield>
          </datafield>
          <datafield ind1=" " ind2=" " tag="986">
            <subfield code="a">1745964</subfield>
          </datafield>
          <datafield ind1=" " ind2=" " tag="AVA">
            <subfield code="0">9915516389407426</subfield>
            <subfield code="8">22177553050007426</subfield>
            <subfield code="a">01NAL_INST</subfield>
            <subfield code="b">NAL</subfield>
            <subfield code="c">Stacks</subfield>
            <subfield code="d">81 F66</subfield>
            <subfield code="e">check_holdings</subfield>
            <subfield code="j">stacks</subfield>
            <subfield code="k">dnal</subfield>
            <subfield code="p">1</subfield>
            <subfield code="q">National Agricultural Library</subfield>
          </datafield>
        </record>
      </recordData>
      <recordIdentifier>9916196227907426</recordIdentifier>
      <recordPosition>9</recordPosition>
    </record>