
    <record>
      <recordSchema>marcxml</recordSchema>
      <recordPacking>xml</recordPacking>
      <recordData>
        <record xmlns="http://www.loc.gov/MARC21/slim">
          <leader>01212nab a2200397 u 4500</leader>
          <controlfield tag="001">9916261463107426</controlfield>
          <controlfield tag="005">20240623180659.0</controlfield>
          <controlfield tag="008">870827e198708  xx |||||o|||||||||||eng||</controlfield>
          <datafield ind1="7" ind2=" " tag="016">
            <subfield code="a">IND87055283</subfield>
            <subfield code="2">DNAL</subfield>
          </datafield>
          <datafield ind1=" " ind2=" " tag="035">
            <subfield code="a">agid:1939242-01nal_inst</subfield>
          </datafield>
          <datafield ind1=" " ind2=" " tag="040">
            <subfield code="a">AGL</subfield>
            <subfield code="b">eng</subfield>
            <subfield code="c">AGL</subfield>
          </datafield>
          <datafield ind1="1" ind2=" " tag="100">
            <subfield code="a">Wang, Y.T.</subfield>
          </datafield>
          <datafield ind1="1" ind2="0" tag="245">
            <subfield code="a">Effect of warm medium, light intensity, BA, and parent leaf on propagation of golden pothos</subfield>
          </datafield>
          <datafield ind1=" " ind2=" " tag="300">
            <subfield code="a">p. 597-599.</subfield>
          </datafield>
          <datafield ind1=" " ind2=" " tag="593">
            <subfield code="f">Agricola IND</subfield>
          </datafield>
          <datafield ind1=" " ind2="3" tag="650">
            <subfield code="a">Epipremnum pinnatum</subfield>
          </datafield>
          <datafield ind1=" " ind2="3" tag="650">
            <subfield code="a">growing media</subfield>
          </datafield>
          <datafield ind1=" " ind2="3" tag="650">
            <subfield code="a">benzyladenine</subfield>
          </datafield>
          <datafield ind1=" " ind2="3" tag="650">
            <subfield code="a">vegetative propagation</subfield>
          </datafield>
          <datafield ind1=" " ind2="3" tag="651">
            <subfield code="a">Texas</subfield>
          </datafield>
          <datafield ind1="0" ind2=" " tag="773">
            <subfield code="t">HortScience.</subfield>
            <subfield code="g">1987 Aug., v. 22, no. 4 p.597-599</subfield>
            <subfield code="x">0018-5345</subfield>
            <subfield code="7">nnas</subfield>
          </datafield>
          <datafield ind1="1" ind2=" " tag="787">
            <subfield code="o">islandora_article_repository</subfield>
          </datafield>
          <datafield ind1="1" ind2=" " tag="787">
            <subfield code="o">(Journal)1941</subfield>
          </datafield>
          <datafield ind1=" " ind2=" " tag="852">
            <subfield code="a">DNAL</subfield>
          </datafield>
          <datafield ind1=" " ind2=" " tag="912">
            <subfield code="a">Article</subfield>
          </datafield>
          <datafield ind1=" " ind2=" " tag="914">
            <subfield code="a">Journal:1941</subfield>
          </datafield>
          <datafield ind1=" " ind2=" " tag="914">
            <subfield code="f">Hortscience</subfield>
          </datafield>
          <datafield ind1=" " ind2=" " tag="917">
            <subfield code="a">issued</subfield>
          </datafield>
          <datafield ind1=" " ind2=" " tag="935">
            <subfield code="a">IND87055283</subfield>
            <subfield code="9">ExL</subfield>
          </datafield>
          <datafield ind1=" " ind2=" " tag="939">
            <subfield code="a">00000000</subfield>
            <subfield code="b">19870827</subfield>
            <subfield code="c">00000000</subfield>
          </datafield>
          <datafield ind1=" " ind2=" " tag="946">
            <subfield code="a">Other US</subfield>
          </datafield>
          <datafield ind1=" " ind2=" " tag="952">
            <subfield code="a">00000000 19870827 00000000</subfield>
          </datafield>
          <datafield ind1=" " ind2=" " tag="974">
            <subfield code="a">agid:1939242</subfield>
          </datafield>
          <datafield ind1=" " ind2=" " tag="984">
            <subfield code="a">2015-01-01</subfield>
          </datafield>
          <datafield ind1=" " ind2=" " tag="985">
            <subfield code="a">Converted from MARCXML to MODS version 3.4 using MARC21slim2MODS3-4.xsl (Revision 1.95 2014/04/23)</subfield>
          </datafield>
          <datafield ind1=" " ind2=" " tag="986">
            <subfield code="a">2511620</subfield>
          </datafield>
          <datafield ind1=" " ind2=" " tag="AVA">
            <subfield code="0">9915504702107426</subfield>
            <subfield code="8">22174203890007426</subfield>
            <subfield code="a">01NAL_INST</subfield>
            <subfield code="b">NAL</subfield>
            <subfield code="c">Stacks</subfield>
            <subfield code="d">SB1.H6</subfield>
            <subfield code="e">available</subfield>
            <subfield code="f">84</subfield>
            <subfield code="g">0</subfield>
            <subfield code="v">from:19 (5) 1976 Apr. | 1976 until:v. 47, no. 2 g</subfield>
            <subfield code="j">stacks</subfield>
            <subfield code="k">0</subfield>
            <subfield code="p">1</subfield>
            <subfield code="q">National Agricultural Library</subfield>
          </datafield>
          <datafield ind1=" " ind2=" " tag="AVA">
            <subfield code="0">9915504702107426</subfield>
            <subfield code="8">22174203040007426</subfield>
            <subfield code="a">01NAL_INST</subfield>
            <subfield code="b">NAL</subfield>
            <subfield code="c">Stacks</subfield>
            <subfield code="d">SB1.H6</subfield>
            <subfield code="e">available</subfield>
            <subfield code="f">27</subfield>
            <subfield code="g">0</subfield>
            <subfield code="j">stacks</subfield>
            <subfield code="k">0</subfield>
            <subfield code="p">2</subfield>
            <subfield code="q">National Agricultural Library</subfield>
            <subfield code="t">Holding: v. 13 no. 6</subfield>
          </datafield>
          <datafield ind1=" " ind2=" " tag="AVA">
            <subfield code="0">9915504702107426</subfield>
            <subfield code="8">22174203900007426</subfield>
            <subfield code="a">01NAL_INST</subfield>
            <subfield code="b">NAL</subfield>
            <subfield code="c">ARS National Arboretum (NON-CIRCULATING)</subfield>
            <subfield code="d">SB1.H6 DNAr</subfield>
            <subfield code="e">check_holdings</subfield>
            <subfield code="j">arboretum</subfield>
            <subfield code="k">0</subfield>
            <subfield code="p">3</subfield>
            <subfield code="q">National Agricultural Library</subfield>
          </datafield>
          <datafield ind1=" " ind2=" " tag="AVA">
            <subfield code="0">9915504702107426</subfield>
            <subfield code="8">22174203910007426</subfield>
            <subfield code="a">01NAL_INST</subfield>
            <subfield code="b">NAL</subfield>
            <subfield code="c">ASERL</subfield>
            <subfield code="d">SB1 .H6</subfield>
            <subfield code="e">check_holdings</subfield>
            <subfield code="j">ASERL</subfield>
            <subfield code="k">0</subfield>
            <subfield code="p">4</subfield>
            <subfield code="q">National Agricultural Library</subfield>
          </datafield>
        </record>
      </recordData>
      <recordIdentifier>9916261463107426</recordIdentifier>
      <recordPosition>10</recordPosition>
    </record>
  </records>
  <nextRecordPosition>11</nextRecordPosition>
  <extraResponseData xmlns:xb="http://www.exlibris.com/repository/search/xmlbeans/">
    <xb:exact>true</xb:exact>
    <xb:responseDate>2024-10-02T17:13:32-0400</xb:responseDate>
  </extraResponseData>
</searchRetrieveResponse>